<record><leader>00000nas a2200000 i 4500</leader><controlfield tag="001">945696298</controlfield><controlfield tag="006">m     o  d        </controlfield><controlfield tag="007">cr |||||||||||</controlfield><controlfield tag="008">160330d18501852dcudn neo     0   a0eng  </controlfield><datafield ind1=" " ind2=" " tag="010"><subfield code="a">  2016271030</subfield></datafield><datafield ind1=" " ind2=" " tag="040"><subfield code="a">DLC</subfield><subfield code="b">eng</subfield><subfield code="e">rda</subfield><subfield code="c">DLC</subfield></datafield><datafield ind1="0" ind2=" " tag="022"><subfield code="a">2471-6499</subfield><subfield code="2">1</subfield></datafield><datafield ind1=" " ind2=" " tag="042"><subfield code="a">pcc</subfield><subfield code="a">nsdp</subfield></datafield><datafield ind1=" " ind2=" " tag="043"><subfield code="a">n-us-dc</subfield></datafield><datafield ind1="1" ind2="0" tag="050"><subfield code="a">ISSN RECORD</subfield></datafield><datafield ind1="1" ind2="0" tag="082"><subfield code="a">071</subfield><subfield code="2">23</subfield></datafield><datafield ind1="0" ind2=" " tag="130"><subfield code="a">Southern press (Washington, D.C. : Daily)</subfield></datafield><datafield ind1=" " ind2="4" tag="222"><subfield code="a">The southern press</subfield><subfield code="b">(Washington, D.C. Daily. Online)</subfield></datafield><datafield ind1="1" ind2="4" tag="245"><subfield code="a">The southern press.</subfield></datafield><datafield ind1=" " ind2="1" tag="264"><subfield code="a">Washington [D.C.] :</subfield><subfield code="b">Ellwood Fisher and Edwin de Leon,</subfield><subfield code="c">-1852.</subfield></datafield><datafield ind1=" " ind2=" " tag="300"><subfield code="a">1 online resource</subfield></datafield><datafield ind1=" " ind2=" " tag="310"><subfield code="a">Daily (except Sunday)</subfield></datafield><datafield ind1=" " ind2=" " tag="336"><subfield code="a">text</subfield><subfield code="b">txt</subfield><subfield code="2">rdacontent</subfield></datafield><datafield ind1=" " ind2=" " tag="337"><subfield code="a">computer</subfield><subfield code="b">c</subfield><subfield code="2">rdamedia</subfield></datafield><datafield ind1=" " ind2=" " tag="338"><subfield code="a">online resource</subfield><subfield code="b">cr</subfield><subfield code="2">rdacarrier</subfield></datafield><datafield ind1="1" ind2=" " tag="362"><subfield code="a">Began with vol. 1, no. 1 (June 17, 1850); ceased with vol. III, no. 19 [42] (August 9, 1852).</subfield></datafield><datafield ind1=" " ind2=" " tag="588"><subfield code="a">Description based on: Vol. 1, no. 2 (June 18, 1850); title from masthead (Chroniclingamerica.loc.gov, viewed March 30, 2016).</subfield></datafield><datafield ind1=" " ind2=" " tag="588"><subfield code="a">Latest issue consulted: Vol. III, no. 19 [42] (August 9, 1852) (Chroniclingamerica.loc.gov, viewed March 30, 2016).</subfield></datafield><datafield ind1=" " ind2="0" tag="651"><subfield code="a">Washington (D.C.)</subfield><subfield code="v">Newspapers.</subfield></datafield><datafield ind1=" " ind2="7" tag="651"><subfield code="a">Washington (D.C.)</subfield><subfield code="2">fast</subfield><subfield code="0">(OCoLC)fst01204505</subfield></datafield><datafield ind1=" " ind2="7" tag="655"><subfield code="a">Newspapers.</subfield><subfield code="2">fast</subfield><subfield code="0">(OCoLC)fst01423814</subfield></datafield><datafield ind1=" " ind2=" " tag="752"><subfield code="a">United States</subfield><subfield code="b">District of Columbia</subfield><subfield code="d">Washington.</subfield></datafield><datafield ind1="0" ind2=" " tag="775"><subfield code="t">Southern press (Washington, D.C. : Weekly)</subfield></datafield><datafield ind1="0" ind2=" " tag="775"><subfield code="t">Southern press (Washington, D.C. : Semiweekly)</subfield></datafield><datafield ind1="0" ind2="8" tag="776"><subfield code="i">Originally isssued in print:</subfield><subfield code="t">Southern press (Washington, D.C. : Daily)</subfield><subfield code="x">2471-6480</subfield><subfield code="w">(DLC)sn 82014764</subfield><subfield code="w">(OCoLC)8791991</subfield></datafield><datafield ind1="4" ind2="0" tag="856"><subfield code="u">http://www.loc.gov/chroniclingamerica/lccn/sn82014764/issues</subfield></datafield></record>